@comment{x-kbibtex-personnameformatting=<%f ><%l><, %s>}

@manual{araujo:2016:abntex2,
	author = {Lauro C{\'e}sar Araujo},
	title = {A Classe abntex2: Documentos T{\'e}cnicos e Cient{\'i}ficos Brasileiros Compat{\'i}veis com As Normas ABNT},
	url = {http://mirror.jmu.edu/pub/CTAN/macros/latex/contrib/abntex2/doc/abntex2.pdf},
	urlaccessdate = {29/03/2017},
	year = {2016}
}

@manual{janos:2005:algpseudocode,
	author = {Sz{\'a}sz J{\'a}nos},
	title = {The algorithmicx package},
	url = {http://www.tug.org/texlive/Contents/live/texmf-dist/doc/latex/algorithmicx/algorithmicx.pdf},
	urlaccessdate = {29/03/2017},
	year = {2005}
}

@misc{zandt:2010:fancyvrb,
	author = {Timothy Van Zandt and Denis Girou and Sebastian Rahtz and Herbert Vo{\ss}},
	title = {The `fancyvrb' package Fancy Verbatims in {\LaTeX}},
	url = {http://ftp.tex.ac.uk/tex-archive/macros/latex/contrib/listings/listings.pdf},
	urlaccessdate = {26/05/2017},
	year = {2010}
}

@electronic{marcos:site,
	author = {Marcos Roberto Ribeiro},
	url = {http://sites.ifmg.edu.br/ribeiro},
	urlaccessdate = {01/02/2017}
}

@inbook{silva:inbook,
	address = {Cidade da Editora},
	author = {Jos{\'e} Silva},
	booktitle = {T{\'i}tulo do Livro},
	chapter = {3},
	editor = {Maria da Silva},
	pages = {102--187},
	publisher = {Nome da Editora},
	title = {T{\'i}tulo do cap{\'i}tulo do livro},
	year = {2017}
}

@incollection{silva:incollection,
	address = {Cidade da Editora},
	author = {Jos{\'e} Silva},
	booktitle = {T{\'i}tulo da Colet{\^a}nea},
	editor = {Maria da Silva},
	pages = {350},
	publisher = {Nome da Editora},
	title = {T{\'i}tulo do livro},
	year = {2017}
}

@inproceedings{silva:inproceedings,
	address = {Cidade do Evento},
	author = {Jos{\'e} Silva},
	conference-number = {20},
	organization = {Nome do evento},
	title = {T{\'i}tulo do trabalho},
	year = {2017}
}

@mastersthesis{silva:master,
	address = {Bambu{\'i}},
	author = {Jos{\'e} Silva},
	school = {Instituto Federal Minas Gerais - Campus Bambu{\'i}},
	title = {T{\'i}tulo da disserta\c{c}{\~a}o},
	year = {2017}
}

@monography{silva:monography,
	address = {Bambu{\'i}},
	author = {Jos{\'e} Silva},
	school = {Instituto Federal Minas Gerais - Campus Bambu{\'i}},
	title = {T{\'i}tulo da monografia},
	type = {Gradua\c{c}{\~a}o},
	year = {2017}
}

@techreport{silva:tech,
	address = {Bambu{\'i}},
	author = {Jos{\'e} Silva},
	organization = {Instituto Federal Minas Gerais - Campus Bambu{\'i}},
	title = {T{\'i}tulo do relat{\'o}rio t{\'e}cnico},
	year = {2017}
}

@article{silva:artigo,
	author = {Jos{\'e} Silva and Maria Silva},
	journal = {Nome da Revista},
	number = {2},
	pages = {37--48},
	title = {T{\'i}tulo do artigo},
	volume = {I},
	year = {2017}
}

@booklet{silva:booklet,
	author = {Jos{\'e} Silva and Maria Silva},
	title = {T{\'i}tulo do trabalho sem editora},
	year = {2017}
}

@manual{castro:2016:manual,
	address = {Bambu{\'i}, MG},
	author = {Douglas Bernardes de{ }Castro and Gabriel da Silva and Myriam Ang{\'e}lica Dornelas and Nayara Penoni},
	organization = {Instituto Federal Minas Gerais - Campus Bambu{\'i}},
	title = {Manual de Normaliza\c{c}{\~a}o de Trabalhos Acad{\^e}micos do IFMG -- C{\^a}mpus Bambu{\'i}},
	year = {2016}
}

@misc{wikipedia:2011:america_sul,
	organization = {Wikip{\'e}dia},
	owner = {marcos},
	timestamp = {2011.03.23},
	title = {Am{\'e}rica do Sul},
	url = {http://pt.wikipedia.org/wiki/Am},
	urlaccessdate = {23/03/2011},
	year = {2011}
}

@misc{poore:2016:minted,
	author = {Geoffrey M. Poore and Konrad Rudolph},
	title = {The minted package: Highlighted source code in {\LaTeX}},
	url = {http://ctan.math.utah.edu/ctan/tex-archive/macros/latex/contrib/minted/minted.pdf},
	urlaccessdate = {21/05/2017},
	year = {2016}
}

